<record><leader>00000cas a2200000Ma 4500</leader><controlfield tag="001">192106429</controlfield><controlfield tag="008">820924d18081886kyuwr ne      0   a0eng  </controlfield><datafield ind1=" " ind2=" " tag="010"><subfield code="a">sn 82014663 </subfield></datafield><datafield ind1=" " ind2=" " tag="040"><subfield code="a">DLC</subfield><subfield code="b">eng</subfield><subfield code="c">AQM</subfield><subfield code="d">OCLCQ</subfield><subfield code="d">OCLCO</subfield></datafield><datafield ind1="0" ind2=" " tag="130"><subfield code="a">Western citizen (Paris, Ky.)</subfield></datafield><datafield ind1="1" ind2="4" tag="245"><subfield code="a">The Western citizen.</subfield></datafield><datafield ind1=" " ind2=" " tag="260"><subfield code="a">Paris, Ky. :</subfield><subfield code="b">J.A. Grimes</subfield></datafield><datafield ind1=" " ind2=" " tag="300"><subfield code="a">v. ;</subfield><subfield code="c">49 cm.</subfield></datafield><datafield ind1=" " ind2=" " tag="310"><subfield code="a">Weekly</subfield></datafield><datafield ind1="1" ind2=" " tag="362"><subfield code="a">Began in Feb., 1808; ceased in 1886.</subfield></datafield><datafield ind1=" " ind2=" " tag="500"><subfield code="a">Publishers: Joel R. Lyle, 1809-1829; Joel R. Lyle &amp; Adam C. Keenon, 182&lt;6&gt;; William C. Lyle, 1829-1832; W.C. Lyle &amp; J.L. Walker, 1832-&lt;1843&gt;; Lyle &amp; Walker, &lt;1851&gt;; J.L. Walker &amp; Co., &lt;1862&gt;; John R. Johnson &amp; Co., &lt;1867&gt;; McChesney &amp; Fisher, 1868-1873; McChesney &amp; Johnson, 1873-1878.</subfield></datafield><datafield ind1=" " ind2=" " tag="500"><subfield code="a">"Democratic," &lt;1876&gt;.</subfield></datafield><datafield ind1=" " ind2=" " tag="500"><subfield code="a">Editors: Joel R. Lyle, 1809-1829; William C. Lyle, 1829-&lt;1843&gt;; F.L. McChesney, 1868-&lt;1882&gt;; William A. Johnson, 1873-1878.</subfield></datafield><datafield ind1="4" ind2=" " tag="510"><subfield code="a">Shaw &amp; Shoemaker</subfield><subfield code="c">16715</subfield></datafield><datafield ind1="4" ind2=" " tag="510"><subfield code="a">Brigham, C.S. Amer. newspapers,</subfield><subfield code="c">p. 174</subfield></datafield><datafield ind1=" " ind2=" " tag="588"><subfield code="a">Description based on: Vol. 1, no. 48 (Dec. 31, 1808).</subfield></datafield><datafield ind1=" " ind2="7" tag="655"><subfield code="a">Newspapers.</subfield><subfield code="2">rbgenr</subfield></datafield><datafield ind1="1" ind2=" " tag="700"><subfield code="a">Lyle, Joel Reid,</subfield><subfield code="d">1774-1849.</subfield></datafield><datafield ind1="1" ind2=" " tag="700"><subfield code="a">Lyle, William C.</subfield></datafield><datafield ind1="1" ind2=" " tag="700"><subfield code="a">McChesney, F. L.</subfield></datafield><datafield ind1="1" ind2=" " tag="700"><subfield code="a">Johnson, William A.</subfield></datafield><datafield ind1="1" ind2=" " tag="700"><subfield code="a">Grimes, John A.,</subfield><subfield code="e">publisher.</subfield></datafield><datafield ind1="1" ind2=" " tag="700"><subfield code="a">Lyle, William C.,</subfield><subfield code="e">publisher.</subfield></datafield><datafield ind1="2" ind2=" " tag="710"><subfield code="a">Joel R. Lyle &amp; Adam C. Keenon (Firm),</subfield><subfield code="e">publisher.</subfield></datafield><datafield ind1="2" ind2=" " tag="710"><subfield code="a">Lyle &amp; Walker,</subfield><subfield code="e">publisher.</subfield></datafield><datafield ind1="2" ind2=" " tag="710"><subfield code="a">J.L. Walker &amp; Co,</subfield><subfield code="e">publisher.</subfield></datafield><datafield ind1="2" ind2=" " tag="710"><subfield code="a">John R. Johnson &amp; Co,</subfield><subfield code="e">publisher.</subfield></datafield><datafield ind1="2" ind2=" " tag="710"><subfield code="a">McChesney &amp; Fisher,</subfield><subfield code="e">publisher.</subfield></datafield><datafield ind1="2" ind2=" " tag="710"><subfield code="a">McChesney &amp; Johnson,</subfield><subfield code="e">publisher.</subfield></datafield><datafield ind1=" " ind2=" " tag="752"><subfield code="a">United States</subfield><subfield code="b">Kentucky</subfield><subfield code="c">Bourbon</subfield><subfield code="d">Paris.</subfield></datafield><datafield ind1="0" ind2="7" tag="785"><subfield code="t">Paris Kentuckian</subfield><subfield code="w">(DLC)sn 84027424</subfield></datafield><datafield ind1="0" ind2="7" tag="785"><subfield code="t">Kentuckian-citizen</subfield><subfield code="w">(DLC)sn 84027534</subfield></datafield></record>